% bmc_article.bib
% 
%  An example of bibtex entries.
%  Entries taken from BMC instructions for authors page.

% uncomment next line to make author-year bibliography
% @settings{label, options="nameyear"}

@article{blank,
    author  = {}, 
    title   = {},
    journal = {}, 
    year    = {},
    month   = {}, 
    volume  = {}, 
    number  = {}, 
    pages   = {},
    note    = {} 
}    

% Article within a journal
@article{frontotemporal,
   author = {I. Le Ber},
   doi = {10.1016/j.neurol.2013.07.014},
   issn = {00353787},
   issue = {10},
   journal = {Revue Neurologique},
   month = {10},
   pages = {811-819},
   title = {Genetics of frontotemporal lobar degeneration: An up-date and diagnosis algorithm},
   volume = {169},
   year = {2013},
}
@article{Walterfang2014,
   author = {Mark Walterfang and Eileen Luders and Jeffrey C.L. Looi and Priya Rajagopalan and Dennis Velakoulis and Paul M. Thompson and Olof Lindberg and Per Östberg and Love E. Nordin and Leif Svensson and Lars-Olof Wahlund},
   doi = {10.3233/JAD-131853},
   issn = {18758908},
   issue = {4},
   journal = {Journal of Alzheimer's Disease},
   month = {5},
   pages = {897-906},
   title = {Shape Analysis of the Corpus Callosum in Alzheimer's Disease and Frontotemporal Lobar Degeneration Subtypes},
   volume = {40},
   year = {2014},
}
@article{CorpusCallosum,
   abstract = {Conventional and diffusion tensor MR imaging studies in twins sustaining severe pediatric traumatic brain injury identified reduction in fractional anisotropy (FA) in all regions of the corpus callosum, particularly the posterior body, rostral body, and genu, relative to healthy cotwins. FA from the rostrum, genu, anterior body, posterior body, and isthmus were correlated with measures of reading speed and comprehension; verbal working memory and math fact retrieval scores were correlated only with the rostral body FA.},
   author = {L Ewing-Cobbs and K M Hasan and M R Prasad and L Kramer and J Bachevalier},
   issn = {0195-6108},
   issue = {4},
   journal = {AJNR. American journal of neuroradiology},
   month = {4},
   pages = {879-81},
   pmid = {16611782},
   title = {Corpus callosum diffusion anisotropy correlates with neuropsychological outcomes in twins disconcordant for traumatic brain injury.},
   volume = {27},
   year = {2006},
}
@article{Molko2003,
   author = {Nicolas Molko and Arnaud Cachia and Denis Rivière and Jean-François Mangin and Marie Bruandet and Denis Le Bihan and Laurent Cohen and Stanislas Dehaene},
   doi = {10.1016/S0896-6273(03)00670-6},
   issn = {08966273},
   issue = {4},
   journal = {Neuron},
   month = {11},
   pages = {847-858},
   title = {Functional and Structural Alterations of the Intraparietal Sulcus in a Developmental Dyscalculia of Genetic Origin},
   volume = {40},
   year = {2003},
}
@article{Shalev2001,
   author = {Ruth S Shalev and Varda Gross-Tsur},
   doi = {10.1016/S0887-8994(00)00258-7},
   issn = {08878994},
   issue = {5},
   journal = {Pediatric Neurology},
   month = {5},
   pages = {337-342},
   title = {Developmental dyscalculia},
   volume = {24},
   year = {2001},
}



%%%%%%%%
% Article within conference proceedings
@inproceedings{xjon,
    author    = {X Jones}, 
    title     = {Zeolites and synthetic mechanisms},
    booktitle = {Proceedings of the First National Conference on 
                Porous Sieves: 27-30 June 1996; Baltimore},
    year      = {1996},
    editor    = {Y Smith}, 
    pages     = {16-27},
}    

%%%%%%%%
%  Book chapter, or article within a book
@incollection{schn,
    author    = {E Schnepf}, 
    title     = {From prey via endosymbiont to plastids: 
             comparative studies in dinoflagellates},
    booktitle = {Origins of Plastids}, 
    editor    = {R A Lewin}, 
    publisher = {Chapman and Hall},
    pages     = {53-76}, 
    year      = {1993},
    address = {New York}, 
    edition = {2nd} 
}    

%%%%%%%%
% Complete book
@book{marg,
    author    = {L Margulis}, 
    title     = {Origin of Eukaryotic Cells},
    publisher = {Yale University Press}, 
    year      = {1970},
    address   = {New Haven} 
}


%%%%%%%%
% PHD Thesis
@phdthesis{koha,
    author = {R Kohavi}, 
    title  = {Wrappers for performance enhancement and
             obvious decision graphs},
    school = {Stanford University, Computer Science Department},
    year   = {1995}
}

%%%%%%%%
%  Miscellaneous: webpage link/urL, etc/
@misc{issnic,
    author  = {{ISSN International Centre}},
    title = {The ISSN register},
    url = {http://www.issn.org},
    year = {2006},
    urldate={Accessed 20 Feb 2007}
}

